{"spec": {"completion_fns": ["debug:debug"], "eval_name": "wkt_understanding.dev.v0", "base_eval": "wkt_understanding", "split": "dev", "run_config": {"completion_fns": ["debug:debug"], "eval_spec": {"cls": "evals.elsuite.basic.match:Match", "args": {"samples_jsonl": "wkt_understanding/samples.jsonl"}, "key": "wkt_understanding.dev.v0", "group": "wkt_understanding"}, "seed": 20220722, "max_samples": null, "command": "./evaluate.py -b openai-evals -m dummy:dummy", "initial_settings": {"visible": true}}, "created_by": "", "run_id": "230721180930LYRMB3A4", "created_at": "2023-07-21 18:09:30.822453"}}
{"final_report": {"accuracy": 0.0, "boostrap_std": 0.0}}
{"run_id": "230721180930LYRMB3A4", "event_id": 0, "sample_id": "wkt_understanding.dev.8", "type": "match", "data": {"correct": false, "expected": "Florida", "picked": null, "sampled": "Sorry, I don't understand. Could you repeat that?", "prompt": [{"role": "system", "content": "Identify the country or state that is defined by the following WKT. Respond with only the name of the country or state and nothing else."}, {"role": "user", "content": "MULTIPOLYGON(((-87.6050 30.9988,-86.5613 30.9964,-85.5313 31.0035,-85.1193 31.0012,-85.0012 31.0023,-84.9847 30.9364,-84.9367 30.8845,-84.9271 30.8409,-84.9257 30.7902,-84.9147 30.7489,-84.8611 30.6993,-84.4272 30.6911,-83.5991 30.6509,-82.5595 30.5895,-82.2134 30.5682,-82.2134 30.5315,-82.1997 30.3883,-82.1544 30.3598,-82.0638 30.3598,-82.0226 30.4877,-82.0473 30.6308,-82.0514 30.6757,-82.0377 30.7111,-82.0514 30.7371,-82.0102 30.7678,-82.0322 30.7914,-81.9717 30.7997,-81.9608 30.8244,-81.8893 30.8056,-81.8372 30.7914,-81.7960 30.7796,-81.6696 30.7536,-81.6051 30.7289,-81.5666 30.7324,-81.5295 30.7229,-81.4856 30.7253,-81.4609 30.7111,-81.4169 30.7088,-81.2274 30.7064,-81.2357 30.4345,-81.1725 30.3160,-81.0379 29.7763,-80.5861 28.8603,-80.3650 28.4771,-80.3815 28.1882,-79.9255 27.1789,-79.8198 26.8425,-79.9118 26.1394,-79.9997 25.5115,-80.3815 24.8802,-80.8704 24.5384,-81.9250 24.3959,-82.2066 24.4496,-82.3137 24.5484,-82.1997 24.6982,-81.3977 25.2112,-81.4622 25.6019,-81.9456 25.9235,-82.2876 26.3439,-82.5307 26.9098,-82.8342 27.3315,-83.0182 27.7565,-83.0017 28.0574,-82.8548 28.6098,-83.0264 28.9697,-83.2050 29.0478,-83.5318 29.4157,-83.9767 29.9133,-84.1072 29.8930,-84.4409 29.6940,-85.0465 29.4551,-85.3610 29.4946,-85.5807 29.7262,-86.1946 30.1594,-86.8510 30.2175,-87.5171 30.1499,-87.4429 30.3006,-87.3750 30.4256,-87.3743 30.4830,-87.3907 30.5658,-87.4004 30.6344,-87.4141 30.6763,-87.5253 30.7702,-87.6256 30.8527,-87.5912 30.9470,-87.5912 30.9682,-87.6050 30.9964,-87.6050 30.9988)))"}], "options": ["Florida"]}, "created_by": "", "created_at": "2023-07-21 18:09:30.870962+00:00"}
{"run_id": "230721180930LYRMB3A4", "event_id": 1, "sample_id": "wkt_understanding.dev.7", "type": "match", "data": {"correct": false, "expected": "Delaware", "picked": null, "sampled": "Sorry, I don't understand. Could you repeat that?", "prompt": [{"role": "system", "content": "Identify the country or state that is defined by the following WKT. Respond with only the name of the country or state and nothing else."}, {"role": "user", "content": "MULTIPOLYGON(((-75.7919 39.7188,-75.7837 39.5210,-75.7288 38.9081,-75.7068 38.5911,-75.6944 38.4600,-74.8608 38.4482,-74.8526 38.8654,-75.0504 38.8451,-75.1678 39.0565,-75.3236 39.2525,-75.4610 39.3662,-75.5592 39.4542,-75.5578 39.4908,-75.5118 39.5713,-75.5557 39.6284,-75.3937 39.8106,-75.4692 39.8249,-75.6477 39.8296,-75.7906 39.7199,-75.7919 39.7188)))"}], "options": ["Delaware"]}, "created_by": "", "created_at": "2023-07-21 18:09:30.871050+00:00"}
{"run_id": "230721180930LYRMB3A4", "event_id": 2, "sample_id": "wkt_understanding.dev.5", "type": "match", "data": {"correct": false, "expected": "Colorado", "picked": null, "sampled": "Sorry, I don't understand. Could you repeat that?", "prompt": [{"role": "system", "content": "Identify the country or state that is defined by the following WKT. Respond with only the name of the country or state and nothing else."}, {"role": "user", "content": "MULTIPOLYGON(((-109.0448 37.0004,-102.0424 36.9949,-102.0534 41.0006,-109.0489 40.9996,-109.0448 37.0004,-109.0448 37.0004)))"}], "options": ["Colorado"]}, "created_by": "", "created_at": "2023-07-21 18:09:30.871102+00:00"}
{"run_id": "230721180930LYRMB3A4", "event_id": 3, "sample_id": "wkt_understanding.dev.9", "type": "match", "data": {"correct": false, "expected": "Georgia", "picked": null, "sampled": "Sorry, I don't understand. Could you repeat that?", "prompt": [{"role": "system", "content": "Identify the country or state that is defined by the following WKT. Respond with only the name of the country or state and nothing else."}, {"role": "user", "content": "MULTIPOLYGON(((-85.6082 34.9974,-84.7266 34.9906,-84.1580 34.9895,-83.1088 34.9996,-83.1418 34.9287,-83.3025 34.8318,-83.3560 34.7281,-83.3080 34.6569,-83.1528 34.5744,-83.0072 34.4839,-82.8918 34.4681,-82.8589 34.4443,-82.7490 34.2674,-82.6831 34.1254,-82.5952 34.0140,-82.3988 33.8647,-82.2505 33.7563,-82.2217 33.6695,-82.1558 33.5963,-82.0432 33.5036,-81.9484 33.3707,-81.8303 33.2077,-81.7795 33.1674,-81.7424 33.1456,-81.6078 33.0881,-81.5034 33.0075,-81.5089 32.9418,-81.4142 32.6914,-81.4087 32.5815,-81.2769 32.5283,-81.1945 32.4576,-81.1642 32.3185,-81.1436 32.2151,-81.1134 32.1128,-80.9225 32.0477,-80.6960 32.0500,-80.7289 31.8881,-80.9665 31.4697,-81.1011 30.9988,-81.2288 30.7041,-81.6023 30.7241,-81.7657 30.7713,-81.9498 30.8221,-82.0239 30.7560,-82.0459 30.6379,-82.0239 30.4866,-82.0363 30.4309,-82.0610 30.3575,-82.1585 30.3598,-82.2025 30.3859,-82.2148 30.4842,-82.2162 30.5682,-82.9688 30.6131,-84.8639 30.7041,-84.9257 30.7831,-84.9586 30.9117,-84.9985 30.9741,-85.0630 31.1282,-85.1070 31.2116,-85.0493 31.5247,-85.1358 31.8006,-85.0919 31.9592,-85.0342 32.1570,-84.9023 32.2500,-84.9628 32.3974,-85.0342 32.5468,-85.1001 32.6949,-85.1660 32.8138,-85.2072 32.9833,-85.3418 33.6512,-85.5231 34.5620,-85.6068 34.9929,-85.6082 34.9974)))"}], "options": ["Georgia"]}, "created_by": "", "created_at": "2023-07-21 18:09:30.871150+00:00"}
{"run_id": "230721180930LYRMB3A4", "event_id": 4, "sample_id": "wkt_understanding.dev.2", "type": "match", "data": {"correct": false, "expected": "Arkansas", "picked": null, "sampled": "Sorry, I don't understand. Could you repeat that?", "prompt": [{"role": "system", "content": "Identify the country or state that is defined by the following WKT. Respond with only the name of the country or state and nothing else."}, {"role": "user", "content": "MULTIPOLYGON(((-94.0416 33.0225,-91.2057 33.0075,-91.1989 33.1180,-91.1041 33.1824,-91.1343 33.3053,-91.1646 33.4211,-91.2263 33.4337,-91.2524 33.5403,-91.1797 33.6112,-91.2524 33.6855,-91.1261 33.6946,-91.1412 33.7883,-91.0451 33.7700,-91.0341 33.8328,-91.0863 33.9399,-90.9256 34.0208,-90.9036 34.0856,-90.9586 34.1345,-90.9132 34.1675,-90.8501 34.1380,-90.9325 34.2311,-90.6935 34.3446,-90.5603 34.4409,-90.5548 34.5348,-90.5768 34.5959,-90.5301 34.7213,-90.5328 34.7574,-90.4546 34.8780,-90.3529 34.8454,-90.2911 34.8690,-90.3104 35.0255,-90.2843 35.1154,-90.1772 35.1323,-90.1112 35.1985,-90.1524 35.2826,-90.1332 35.4383,-90.0206 35.5579,-89.9780 35.6740,-89.9547 35.7287,-89.6594 35.9169,-89.6883 35.9658,-89.7130 36.0013,-90.3735 35.9958,-90.2664 36.1268,-90.0934 36.2875,-90.0742 36.3892,-90.1511 36.4180,-90.1566 36.4997,-94.6198 36.4986,-94.4412 35.3801,-94.4893 33.6318,-94.4522 33.6421,-94.4000 33.5597,-94.2462 33.5883,-94.1885 33.5872,-94.0375 33.5345,-94.0430 33.4314,-94.0430 33.0213,-94.0416 33.0225)))"}], "options": ["Arkansas"]}, "created_by": "", "created_at": "2023-07-21 18:09:30.871197+00:00"}
{"run_id": "230721180930LYRMB3A4", "event_id": 5, "sample_id": "wkt_understanding.dev.3", "type": "match", "data": {"correct": false, "expected": "Arizona", "picked": null, "sampled": "Sorry, I don't understand. Could you repeat that?", "prompt": [{"role": "system", "content": "Identify the country or state that is defined by the following WKT. Respond with only the name of the country or state and nothing else."}, {"role": "user", "content": "MULTIPOLYGON(((-112.5989 36.9993,-110.8630 37.0004,-109.0475 37.0004,-109.0503 31.3325,-111.0718 31.3325,-114.8126 32.4935,-114.8099 32.5184,-114.8044 32.5827,-114.7992 32.6246,-114.7474 32.6700,-114.7014 32.7457,-114.6176 32.7342,-114.5819 32.7422,-114.5393 32.7584,-114.5095 32.8167,-114.4696 32.8450,-114.4817 32.9107,-114.4803 32.9741,-114.5256 33.0317,-114.6094 33.0259,-114.6588 33.0317,-114.7096 33.0904,-114.6849 33.2065,-114.7220 33.2846,-114.6973 33.3546,-114.7258 33.4051,-114.6533 33.4120,-114.5888 33.5016,-114.5599 33.5317,-114.5187 33.6306,-114.5297 33.6786,-114.4940 33.7083,-114.5036 33.7609,-114.5284 33.8157,-114.5325 33.8545,-114.5380 33.9285,-114.5235 33.9530,-114.4748 34.0049,-114.4308 34.0299,-114.4363 34.0891,-114.3526 34.1357,-114.2908 34.1720,-114.2255 34.2044,-114.1685 34.2595,-114.1301 34.2572,-114.1397 34.3037,-114.2276 34.3664,-114.2633 34.4012,-114.3388 34.4534,-114.3608 34.4930,-114.3811 34.5292,-114.4377 34.5959,-114.4569 34.6547,-114.5297 34.7506,-114.5847 34.8172,-114.6341 34.8724,-114.6313 34.9490,-114.6351 35.0342,-114.6451 35.1019,-114.6190 35.1233,-114.5682 35.1716,-114.5984 35.3364,-114.6643 35.4506,-114.6753 35.5780,-114.6547 35.6171,-114.6918 35.6528,-114.7028 35.7053,-114.7093 35.8050,-114.6602 35.8679,-114.7426 35.9836,-114.7536 36.0891,-114.6794 36.1124,-114.6327 36.1423,-114.4872 36.1301,-114.3690 36.1445,-114.3038 36.0746,-114.3172 36.0602,-114.2451 36.0163,-114.1438 36.0402,-114.1150 36.0979,-114.1274 36.1101,-114.1054 36.1190,-114.0463 36.1989,-114.0450 36.3638,-114.0508 37.0001,-112.5989 36.9993)))"}], "options": ["Arizona"]}, "created_by": "", "created_at": "2023-07-21 18:09:30.871246+00:00"}
{"run_id": "230721180930LYRMB3A4", "event_id": 6, "sample_id": "wkt_understanding.dev.6", "type": "match", "data": {"correct": false, "expected": "Connecticut", "picked": null, "sampled": "Sorry, I don't understand. Could you repeat that?", "prompt": [{"role": "system", "content": "Identify the country or state that is defined by the following WKT. Respond with only the name of the country or state and nothing else."}, {"role": "user", "content": "MULTIPOLYGON(((-73.4875 42.0498,-73.4247 42.0511,-72.8146 42.0371,-72.8174 41.9983,-72.7638 42.0044,-72.7563 42.0360,-72.6945 42.0368,-72.6086 42.0309,-72.6059 42.0269,-72.5784 42.0269,-72.5729 42.0350,-72.4026 42.0350,-71.7984 42.0248,-71.7874 41.6832,-71.7984 41.4165,-71.8341 41.3892,-71.8526 41.3273,-71.8938 41.3309,-71.9302 41.3103,-72.0195 41.2907,-72.0827 41.2618,-72.4322 41.1962,-73.0007 41.0866,-73.2493 41.0255,-73.6132 40.9509,-73.6606 40.9830,-73.6723 41.0338,-73.7272 41.1011,-73.4834 41.2153,-73.5507 41.2953,-73.5329 41.4906,-73.4875 42.0493,-73.4875 42.0498)))"}], "options": ["Connecticut"]}, "created_by": "", "created_at": "2023-07-21 18:09:30.871294+00:00"}
{"run_id": "230721180930LYRMB3A4", "event_id": 7, "sample_id": "wkt_understanding.dev.1", "type": "match", "data": {"correct": false, "expected": "Alabama", "picked": null, "sampled": "Sorry, I don't understand. Could you repeat that?", "prompt": [{"role": "system", "content": "Identify the country or state that is defined by the following WKT. Respond with only the name of the country or state and nothing else."}, {"role": "user", "content": "MULTIPOLYGON(((-88.1955 35.0041,-85.6068 34.9918,-85.1756 32.8404,-84.8927 32.2593,-85.0342 32.1535,-85.1358 31.7947,-85.0438 31.5200,-85.0836 31.3384,-85.1070 31.2093,-84.9944 31.0023,-87.6009 30.9953,-87.5926 30.9423,-87.6256 30.8539,-87.4072 30.6745,-87.3688 30.4404,-87.5240 30.1463,-88.3864 30.1546,-88.4743 31.8939,-88.1021 34.8938,-88.1721 34.9479,-88.1461 34.9107,-88.1955 35.0041)))"}], "options": ["Alabama"]}, "created_by": "", "created_at": "2023-07-21 18:09:30.871359+00:00"}
{"run_id": "230721180930LYRMB3A4", "event_id": 8, "sample_id": "wkt_understanding.dev.4", "type": "match", "data": {"correct": false, "expected": "California", "picked": null, "sampled": "Sorry, I don't understand. Could you repeat that?", "prompt": [{"role": "system", "content": "Identify the country or state that is defined by the following WKT. Respond with only the name of the country or state and nothing else."}, {"role": "user", "content": "MULTIPOLYGON(((-124.4009 41.9983,-123.6237 42.0024,-123.1526 42.0126,-122.0073 42.0075,-121.2369 41.9962,-119.9982 41.9983,-120.0037 39.0021,-117.9575 37.5555,-116.3699 36.3594,-114.6368 35.0075,-114.6382 34.9659,-114.6286 34.9107,-114.6382 34.8758,-114.5970 34.8454,-114.5682 34.7890,-114.4968 34.7269,-114.4501 34.6648,-114.4597 34.6581,-114.4322 34.5869,-114.3787 34.5235,-114.3869 34.4601,-114.3361 34.4500,-114.3031 34.4375,-114.2674 34.4024,-114.1864 34.3559,-114.1383 34.3049,-114.1315 34.2561,-114.1651 34.2595,-114.2249 34.2044,-114.2221 34.1914,-114.2908 34.1720,-114.3237 34.1368,-114.3622 34.1186,-114.4089 34.1118,-114.4363 34.0856,-114.4336 34.0276,-114.4652 34.0117,-114.5119 33.9582,-114.5366 33.9308,-114.5091 33.9058,-114.5256 33.8613,-114.5215 33.8248,-114.5050 33.7597,-114.4940 33.7083,-114.5284 33.6832,-114.5242 33.6363,-114.5393 33.5895,-114.5242 33.5528,-114.5586 33.5311,-114.5778 33.5070,-114.6245 33.4418,-114.6506 33.4142,-114.7055 33.4039,-114.6973 33.3546,-114.7302 33.3041,-114.7206 33.2858,-114.6808 33.2754,-114.6698 33.2582,-114.6904 33.2467,-114.6794 33.1720,-114.7083 33.0904,-114.6918 33.0858,-114.6629 33.0328,-114.6451 33.0501,-114.6286 33.0305,-114.5888 33.0282,-114.5750 33.0351,-114.5174 33.0328,-114.4913 32.9718,-114.4775 32.9764,-114.4844 32.9372,-114.4679 32.8427,-114.5091 32.8161,-114.5311 32.7850,-114.5284 32.7573,-114.5641 32.7503,-114.6162 32.7353,-114.6986 32.7480,-114.7220 32.7191,-115.1944 32.6868,-117.3395 32.5121,-117.4823 32.7838,-117.5977 33.0501,-117.6814 33.2341,-118.0591 33.4578,-118.6290 33.5403,-118.7073 33.7928,-119.3706 33.9582,-120.0050 34.1925,-120.7164 34.2561,-120.9128 34.5360,-120.8427 34.9749,-121.1325 35.2131,-121.3220 35.5255,-121.8013 35.9691,-122.1446 36.2808,-122.1721 36.7268,-122.6871 37.2227,-122.8903 37.7783,-123.2378 37.8965,-123.3202 38.3449,-123.8338 38.7423,-123.9793 38.9946,-124.0329 39.3088,-124.0823 39.7642,-124.5314 40.1663,-124.6509 40.4658,-124.3144 41.0110,-124.3419 41.2386,-124.4545 41.7170,-124.4009 41.9983,-124.4009 41.9983)))"}], "options": ["California"]}, "created_by": "", "created_at": "2023-07-21 18:09:30.871410+00:00"}
{"run_id": "230721180930LYRMB3A4", "event_id": 9, "sample_id": "wkt_understanding.dev.0", "type": "match", "data": {"correct": false, "expected": "Alaska", "picked": null, "sampled": "Sorry, I don't understand. Could you repeat that?", "prompt": [{"role": "system", "content": "Identify the country or state that is defined by the following WKT. Respond with only the name of the country or state and nothing else."}, {"role": "user", "content": "MULTIPOLYGON(((-141.0205 70.0187,-141.7291 70.1292,-144.8163 70.4515,-148.4583 70.7471,-151.1609 70.7923,-152.6221 71.1470,-153.9954 71.1185,-154.8853 71.4307,-156.7529 71.5232,-157.9449 71.2796,-159.6313 71.2249,-161.8671 70.6363,-163.5809 70.0843,-165.2399 69.3028,-166.8768 69.1782,-168.0414 68.3344,-165.9155 67.6844,-164.6082 67.2933,-164.0149 66.7789,-165.7507 66.5810,-167.5745 66.2867,-168.9862 66.0269,-168.9478 65.4970,-167.4756 65.0420,-167.0142 64.3922,-165.7343 64.0554,-163.2294 64.0193,-162.1143 63.9615,-163.6029 63.6877,-165.3717 63.4530,-166.3715 62.4133,-166.9867 61.6534,-166.4429 60.8556,-167.8381 60.5357,-167.7118 59.5482,-165.8002 59.4115,-164.5972 59.3696,-162.8558 59.1168,-162.5427 58.1185,-160.6421 58.1359,-159.5050 58.0285,-158.8953 57.6336,-159.9060 56.9090,-160.6531 56.3926,-161.8835 56.2342,-162.9822 55.7240,-164.3994 55.2478,-165.3168 54.7753,-167.1075 54.1463,-168.5852 53.5632,-169.9146 53.1402,-169.5959 52.5964,-168.2227 52.9089,-162.7734 54.2139,-159.1452 54.6786,-155.4634 55.6567,-152.1400 57.3510,-150.8203 59.2209,-147.4461 59.7695,-145.9850 60.3521,-144.1544 59.8917,-141.6811 59.8172,-140.5124 59.5225,-138.8548 59.0292,-136.8526 57.9032,-136.0725 56.9157,-134.9794 56.1555,-134.0057 55.3237,-133.6418 54.6341,-130.6261 54.7135,-129.9930 55.2869,-130.0108 55.9869,-130.1083 56.1057,-131.5887 56.6086,-132.8755 57.8404,-133.8423 58.7276,-134.9121 59.3108,-135.4724 59.8020,-136.3445 59.6039,-136.8251 59.1619,-137.6079 59.2441,-139.2119 60.0902,-139.0938 60.3575,-140.0056 60.1866,-140.9999 60.3059,-141.0205 70.0187,-141.0205 70.0187)))"}], "options": ["Alaska"]}, "created_by": "", "created_at": "2023-07-21 18:09:30.871458+00:00"}
