{"spec": {"completion_fns": ["oasst-sft-7-llama-30b"], "eval_name": "unified-patch.dev.v0", "base_eval": "unified-patch", "split": "dev", "run_config": {"completion_fns": ["oasst-sft-7-llama-30b"], "eval_spec": {"cls": "evals.elsuite.basic.includes:Includes", "args": {"samples_jsonl": "unified_patch/samples.jsonl"}, "key": "unified-patch.dev.v0", "group": "unified-patch"}, "seed": 20220722, "max_samples": null, "command": "./main.py", "initial_settings": {"visible": true}}, "created_by": "", "run_id": "230516231723KPUI2UH5", "created_at": "2023-05-16 23:17:23.646330"}}
{"final_report": {"accuracy": 0.0}}
{"run_id": "230516231723KPUI2UH5", "event_id": 0, "sample_id": "unified-patch.dev.7", "type": "match", "data": {"correct": false, "expected": "--- file_27366.txt\n+++ file_27366.txt\n@@ -1,13 +1,11 @@\n 811393\n 604091\n-811619\n 546532\n 128131\n 987901\n 181582\n 664121\n 274131\n-997512\n 445332\n 319546\n 660114\n", "picked": [], "prompt": [{"role": "system", "content": "Task: Output the correct patch from the given input and malformed patch with incorrect line numbers in Unified Diff format."}, {"role": "user", "content": "Given this input file ```\n811393\n604091\n811619\n546532\n128131\n987901\n181582\n664121\n274131\n997512\n445332\n319546\n660114\n308693\n249407\n```\n and this malformed patch ```\n--- file_27366.txt\n+++ file_27366.txt\n@@ X,X X,X @@\n 811393\n 604091\n-811619\n 546532\n 128131\n 987901\n 181582\n 664121\n 274131\n-997512\n 445332\n 319546\n 660114\n``` output just the corrected patch, nothing else."}], "sampled": "The corrected patch should be as follows:\n```diff\n--- file_27366.txt\n+++ file_27366.txt\n@@ -1 +1\n-811393\n+811393\n@@ -2 +2\n-604091\n+604091\n@@ -3 +3\n-811619\n+811619\n@@ -4 +4\n 546532\n@@ -5 +5\n 128131\n@@ -6 +6\n 987901\n@@ -7 +7\n 181582\n@@ -8 +8\n 664121\n@@ -9 +9\n 274131\n@@ -10 +10\n 997512\n@@ -11 +11\n 445332\n@@ -12 +12\n 319546\n@@ -13 +13\n 660114\n@@ -14 +14\n 308693\n@@ -15 +15\n 249407\n@@ -16 +16\n 811619\n@@ -17 +17\n-660114\n@@ -18 +18\n-997512\n@@ -19 +19\n 445332\n@@ -20 +20\n 319546\n@@ -21 +21\n 660114\n@@ -22 +22\n-308693\n@@ -23 +23"}, "created_by": "", "created_at": "2023-05-16 23:17:46.331032+00:00"}
{"run_id": "230516231723KPUI2UH5", "event_id": 1, "sample_id": "unified-patch.dev.7", "type": "metrics", "data": {"accuracy": 0.0}, "created_by": "", "created_at": "2023-05-16 23:17:46.331070+00:00"}
{"run_id": "230516231723KPUI2UH5", "event_id": 2, "sample_id": "unified-patch.dev.17", "type": "match", "data": {"correct": false, "expected": "--- file_248170.txt\n+++ file_248170.txt\n@@ -1,10 +1,8 @@\n-197822\n 286781\n 523561\n 250958\n 212961\n 407574\n-482535\n 7017\n 989343\n 784127\n", "picked": [], "prompt": [{"role": "system", "content": "Task: Output the correct patch from the given input and malformed patch with incorrect line numbers in Unified Diff format."}, {"role": "user", "content": "Given this input file ```\n197822\n286781\n523561\n250958\n212961\n407574\n482535\n7017\n989343\n784127\n449032\n682621\n507573\n268699\n583283\n639547\n189371\n467509\n209035\n```\n and this malformed patch ```\n--- file_248170.txt\n+++ file_248170.txt\n@@ X,X X,X @@\n-197822\n 286781\n 523561\n 250958\n 212961\n 407574\n-482535\n 7017\n 989343\n 784127\n``` output just the corrected patch, nothing else."}], "sampled": "Here is the corrected patch for the given input file in Unified Diff format:\n\n````\n--- file_248170.txt\n+++ file_248170.txt\n@@ -1 +1 @@\n197822\n286781\n523561\n250958\n212961\n407574\n482535\n7017\n989343\n784127\n449032\n682621\n507573\n268699\n583283\n639547\n189371\n467509\n209035\n ````"}, "created_by": "", "created_at": "2023-05-16 23:17:56.932596+00:00"}
{"run_id": "230516231723KPUI2UH5", "event_id": 3, "sample_id": "unified-patch.dev.17", "type": "metrics", "data": {"accuracy": 0.0}, "created_by": "", "created_at": "2023-05-16 23:17:56.932635+00:00"}
{"run_id": "230516231723KPUI2UH5", "event_id": 4, "sample_id": "unified-patch.dev.3", "type": "match", "data": {"correct": false, "expected": "--- file_604910.txt\n+++ file_604910.txt\n@@ -2,14 +2,12 @@\n 869955\n 623320\n 136931\n-697635\n 327957\n 310820\n 317489\n 174338\n 763637\n 28132\n-991157\n 956340\n 901946\n 93178\n", "picked": [], "prompt": [{"role": "system", "content": "Task: Output the correct patch from the given input and malformed patch with incorrect line numbers in Unified Diff format."}, {"role": "user", "content": "Given this input file ```\n625496\n869955\n623320\n136931\n697635\n327957\n310820\n317489\n174338\n763637\n28132\n991157\n956340\n901946\n93178\n929093\n503735\n756683\n600214\n880008\n```\n and this malformed patch ```\n--- file_604910.txt\n+++ file_604910.txt\n@@ X,X X,X @@\n 869955\n 623320\n 136931\n-697635\n 327957\n 310820\n 317489\n 174338\n 763637\n 28132\n-991157\n 956340\n 901946\n 93178\n``` output just the corrected patch, nothing else."}], "sampled": "The corrected patch is as follows:\n```diff\n--- file_604910.txt\n+++ file_604910.txt\n@@ -869955 +869955 @@\n@@ -869955 +869955 @@\n@@ -869955 +869955 @@\n@@ -869955 +869955 @@\n@@ -869955 +869955 @@\n@@ -869955 +869955 @@\n@@ -869955 +869955 @@\n@@ -869955 +869955 @@\n@@ -869955 +869955 @@\n@@ -869955 +869955 @@\n@@ -869955 +869955 @@\n@@ -869955 +869955 @@\n@@ -869955 +869955 @@\n@@ -869955 +869955 @@\n@@ -869955 +869955 @@\n@@ -869955 +869955 @@\n@@ -869955 +869955 @@\n@@ -869955 +869955 @@\n@@ -869955 +869955 @@\n@@ -869955 +869955 @@\n@@ -86"}, "created_by": "", "created_at": "2023-05-16 23:18:19.674511+00:00"}
{"run_id": "230516231723KPUI2UH5", "event_id": 5, "sample_id": "unified-patch.dev.3", "type": "metrics", "data": {"accuracy": 0.0}, "created_by": "", "created_at": "2023-05-16 23:18:19.674546+00:00"}
{"run_id": "230516231723KPUI2UH5", "event_id": 6, "sample_id": "unified-patch.dev.4", "type": "match", "data": {"correct": false, "expected": "--- file_610459.txt\n+++ file_610459.txt\n@@ -8,7 +8,5 @@\n 923125\n 659453\n 110649\n-859417\n 330554\n-401691\n 13351\n", "picked": [], "prompt": [{"role": "system", "content": "Task: Output the correct patch from the given input and malformed patch with incorrect line numbers in Unified Diff format."}, {"role": "user", "content": "Given this input file ```\n13777\n470864\n706722\n268961\n981555\n636859\n109180\n923125\n659453\n110649\n859417\n330554\n401691\n13351\n```\n and this malformed patch ```\n--- file_610459.txt\n+++ file_610459.txt\n@@ X,X X,X @@\n 923125\n 659453\n 110649\n-859417\n 330554\n-401691\n 13351\n``` output just the corrected patch, nothing else."}], "sampled": "Here is the corrected patch for your given input data and the malformed patch you provided:\n```vbnet\n--- file_610459.txt\n+++ file_610459.txt\n@@ -1 +1 @@\n-13777\n+13777\n@@ -3 +3 @@\n-470864\n+470864\n@@ -5 +5 @@\n-706722\n+706722\n@@ -7 +7 @@\n-268961\n+268961\n@@ -9 +9 @@\n-981555\n+981555\n@@ -11 +11 @@\n-636859\n+636859\n@@ -13 +13 @@\n-109180\n+109180\n@@ -15 +15 @@\n-923125\n+923125\n@@ -17 +17 @@\n-659453\n+659453\n@@ -19 +19 @@\n-110649\n+110649\n@@ -21 +21 @@\n-859417\n+859417\n@@ -23 +23 @@\n-330554\n+330554\n@@ -25 +25 @@\n-401691\n+401691\n@@ -27 +27 @@\n-13351\n+13351\n@@ -"}, "created_by": "", "created_at": "2023-05-16 23:18:42.111391+00:00"}
{"run_id": "230516231723KPUI2UH5", "event_id": 7, "sample_id": "unified-patch.dev.4", "type": "metrics", "data": {"accuracy": 0.0}, "created_by": "", "created_at": "2023-05-16 23:18:42.111427+00:00"}
{"run_id": "230516231723KPUI2UH5", "event_id": 8, "sample_id": "unified-patch.dev.14", "type": "match", "data": {"correct": false, "expected": "--- file_103966.txt\n+++ file_103966.txt\n@@ -1,5 +1,4 @@\n 331617\n-227507\n 394555\n 421155\n 435330\n@@ -8,7 +7,6 @@\n 76728\n 166750\n 160961\n-649662\n 624479\n 116856\n 373682\n", "picked": [], "prompt": [{"role": "system", "content": "Task: Output the correct patch from the given input and malformed patch with incorrect line numbers in Unified Diff format."}, {"role": "user", "content": "Given this input file ```\n331617\n227507\n394555\n421155\n435330\n891829\n359858\n76728\n166750\n160961\n649662\n624479\n116856\n373682\n999260\n87350\n135437\n980052\n860889\n563549\n```\n and this malformed patch ```\n--- file_103966.txt\n+++ file_103966.txt\n@@ X,X X,X @@\n 331617\n-227507\n 394555\n 421155\n 435330\n@@ X,X X,X @@\n 76728\n 166750\n 160961\n-649662\n 624479\n 116856\n 373682\n``` output just the corrected patch, nothing else."}], "sampled": "Here's the corrected patch:\n```diff\n--- file_103966.txt\n+++ file_103966.txt\n@@ -2 +2 @@\n 331617\n 227507\n 394555\n 421155\n 435330\n@@ -2 +2 @@\n 76728\n-649662\n 624479\n 116856\n 373682\n@@ -2 +2 @@\n 160961\n 166750\n@@ -2 +2 @@\n 891829\n 87350\n@@ -2 +2 @@\n 563549\n@@ -2 +2 @@\n 999260\n@@ -2 +2 @@\n 359858\n@@ -2 +2 @@\n 135437\n@@ -2 +2 @@\n 116856\n@@ -2 +2 @@\n 160961\n@@ -2 +2 @@\n 166750\n@@ -2 +2 @@\n 135437\n@@ -2 +2 @@\n 980052\n@@ -2 +2 @@\n 860889\n@@ -2 +2 @@\n 87350\n@@ -2 +2 @@\n 999260\n@@ -2 +2 @@\n 76728\n@@ -2 +2 @@\n 166750"}, "created_by": "", "created_at": "2023-05-16 23:19:04.789261+00:00"}
{"run_id": "230516231723KPUI2UH5", "event_id": 9, "sample_id": "unified-patch.dev.14", "type": "metrics", "data": {"accuracy": 0.0}, "created_by": "", "created_at": "2023-05-16 23:19:04.789297+00:00"}
{"run_id": "230516231723KPUI2UH5", "event_id": 10, "sample_id": "unified-patch.dev.12", "type": "match", "data": {"correct": false, "expected": "--- file_442848.txt\n+++ file_442848.txt\n@@ -1,11 +1,9 @@\n-988714\n 367843\n 663908\n 477867\n 293524\n 412201\n 426518\n-485742\n 835965\n 73266\n 896420\n", "picked": [], "prompt": [{"role": "system", "content": "Task: Output the correct patch from the given input and malformed patch with incorrect line numbers in Unified Diff format."}, {"role": "user", "content": "Given this input file ```\n988714\n367843\n663908\n477867\n293524\n412201\n426518\n485742\n835965\n73266\n896420\n590926\n```\n and this malformed patch ```\n--- file_442848.txt\n+++ file_442848.txt\n@@ X,X X,X @@\n-988714\n 367843\n 663908\n 477867\n 293524\n 412201\n 426518\n-485742\n 835965\n 73266\n 896420\n``` output just the corrected patch, nothing else."}], "sampled": "To output the correct patch from the given input and malformed patch with incorrect line numbers in Unified Diff format, we need to first identify which lines are missing their corresponding line number prefixes (e.g., \"+\" or \"-\") in the original input data. Then, for each of those lines, add either a \"+\" or \"-\" prefix based on whether it is an insertion or deletion relative to the previous line. The resulting Unified Diff format should have all lines labeled correctly with their respective line numbers.\n\nHere's some code that does exactly what you asked for using Python:\n```python\nimport re\n\n# Define regular expression pattern to match lines without prefixes\npattern = r'\\d{8}\\s\\w+$'\n\n# Read the original input data into a list\ndata = [line.split()[0] for line in open('input.txt').readlines() if line.startswith(pattern)]\n\n# Create empty lists to store lines with missing prefixes and the corrected diff\nmissing_prefixes = []\ncorrected_diff = ['--- file_%d.txt\\n' % i for i in range(len(data) + 2)]\n\nfor index, line in enumerate(data):\n    # Check if current line has missing prefix\n    if not re.match(r'\\+|\\-', line):\n        missing_prefixes.append((index + 1, '+' if index > 0 and int(re.sub('\\D', '', prev)) < int(re.sub('\\D', '', line)) else '-'))\n    elif len(missing_prefixes) > 0:\n        # Add missing prefix if applicable\n        line = f'- {missing_prefixes[-1][0]} {int(re.sub('\\D', '', line))}\\n'\n        missing_prefix"}, "created_by": "", "created_at": "2023-05-16 23:19:27.326859+00:00"}
{"run_id": "230516231723KPUI2UH5", "event_id": 11, "sample_id": "unified-patch.dev.12", "type": "metrics", "data": {"accuracy": 0.0}, "created_by": "", "created_at": "2023-05-16 23:19:27.326899+00:00"}
{"run_id": "230516231723KPUI2UH5", "event_id": 12, "sample_id": "unified-patch.dev.11", "type": "match", "data": {"correct": false, "expected": "--- file_278545.txt\n+++ file_278545.txt\n@@ -1,5 +1,4 @@\n 444744\n-143215\n 251748\n 564177\n 971723\n@@ -8,7 +7,6 @@\n 888126\n 861975\n 900360\n-122776\n 527475\n 673518\n 7166\n", "picked": [], "prompt": [{"role": "system", "content": "Task: Output the correct patch from the given input and malformed patch with incorrect line numbers in Unified Diff format."}, {"role": "user", "content": "Given this input file ```\n444744\n143215\n251748\n564177\n971723\n952993\n219349\n888126\n861975\n900360\n122776\n527475\n673518\n7166\n230924\n```\n and this malformed patch ```\n--- file_278545.txt\n+++ file_278545.txt\n@@ X,X X,X @@\n 444744\n-143215\n 251748\n 564177\n 971723\n@@ X,X X,X @@\n 888126\n 861975\n 900360\n-122776\n 527475\n 673518\n 7166\n``` output just the corrected patch, nothing else."}], "sampled": "Here is a possible solution to the problem in Python:\n```python\n# Read the input file into memory as a string\nwith open('input.txt', 'r') as f:\n    lines = f.readlines()\n\n# Initialize empty lists for storing line numbers and values\nline_numbers = []\nvalues = []\n\n# Iterate over each line of the input file\nfor i, l in enumerate(lines):\n    # Extract the value from the current line using regex\n    m = re.match(r'^(\\d+)', l)\n    if not m:\n        print(f\"Malformed line {i}: {l}\")\n        continue\n    value = int(m.group(1))\n    \n    # Add the line number and value to their respective lists\n    line_numbers.append(value)\n    values.append(line_number)\n\n# Generate the unified diff patch\ndiff_patch = '@@\\n'.join([str(l - 1).zfill(3) + '\\t' + str(v) for v in values])\nprint(diff_patch)\n```\nThe code reads the input file as a string and then iterates over each line using an index variable `i`. It uses regular expressions to extract the numerical value from each line (assuming that all lines contain only one such value), which it adds to the appropriate list (`line_numbers` or `values`). Finally, it generates the unified diff patch by joining together strings representing the line number and value separated by whitespace. The resulting patch should have valid line numbers but will be missing some values due to errors in the original input file."}, "created_by": "", "created_at": "2023-05-16 23:19:47.737467+00:00"}
{"run_id": "230516231723KPUI2UH5", "event_id": 13, "sample_id": "unified-patch.dev.11", "type": "metrics", "data": {"accuracy": 0.0}, "created_by": "", "created_at": "2023-05-16 23:19:47.737507+00:00"}
{"run_id": "230516231723KPUI2UH5", "event_id": 14, "sample_id": "unified-patch.dev.9", "type": "match", "data": {"correct": false, "expected": "--- file_59987.txt\n+++ file_59987.txt\n@@ -1,11 +1,9 @@\n 203135\n 574310\n 199317\n-30903\n 90628\n 213576\n 989472\n 167719\n 73006\n-733372\n 643705\n", "picked": [], "prompt": [{"role": "system", "content": "Task: Output the correct patch from the given input and malformed patch with incorrect line numbers in Unified Diff format."}, {"role": "user", "content": "Given this input file ```\n203135\n574310\n199317\n30903\n90628\n213576\n989472\n167719\n73006\n733372\n643705\n```\n and this malformed patch ```\n--- file_59987.txt\n+++ file_59987.txt\n@@ X,X X,X @@\n 203135\n 574310\n 199317\n-30903\n 90628\n 213576\n 989472\n 167719\n 73006\n-733372\n 643705\n``` output just the corrected patch, nothing else."}], "sampled": "To generate the corrected patch, you can use a regular expression to match each line number in the original input file, and then replace it with the corresponding line in the malformed patch using sed or another command-line tool. Here is an example of how you could do that:\n```\n#!/bin/bash\n\ninputfile=\"file_59987.txt\"\nmalformedpatch=\"---\\n\\tfile_59987.txt\\n+\\n\\tx,\\tx ,x \\n@@ X,X X,X @@\\n\\t203135\\n\\t574310\\n\\t199317\\n-30903\\n\\t90628\\n\\t213576\\n\\t989472\\n\\t167719\\n\\t73006\\n-733372\\n\\t643705\\n\"\n\ncorrectedlines=$(echo $inputfile | cut -d \" \" -f1)\ncorrectedpatch=$(echo \"$malformedpatch\" | sed -e \"${correctedlines// /}\" > newfile.txt && cat newfile.txt)\n\necho $correctedpatch\n```\nThis script will read the `inputfile` specified as a string (in your case it should be `\"203135\"`), cut it into individual lines using `cut`, and then pass them one by one to `sed`. The `-e` option tells `sed` to execute the following command for every line, which replaces each space in `$malformedpatch` with the current line of input. Finally, the result is saved to a file named `newfile.txt` and printed out. You'll get"}, "created_by": "", "created_at": "2023-05-16 23:20:10.259638+00:00"}
{"run_id": "230516231723KPUI2UH5", "event_id": 15, "sample_id": "unified-patch.dev.9", "type": "metrics", "data": {"accuracy": 0.0}, "created_by": "", "created_at": "2023-05-16 23:20:10.259685+00:00"}
{"run_id": "230516231723KPUI2UH5", "event_id": 16, "sample_id": "unified-patch.dev.5", "type": "match", "data": {"correct": false, "expected": "--- file_452100.txt\n+++ file_452100.txt\n@@ -6,7 +6,6 @@\n 923139\n 616826\n 31951\n-430783\n 318706\n 637231\n 99855\n@@ -15,4 +14,3 @@\n 119735\n 252596\n 899483\n-238353\n", "picked": [], "prompt": [{"role": "system", "content": "Task: Output the correct patch from the given input and malformed patch with incorrect line numbers in Unified Diff format."}, {"role": "user", "content": "Given this input file ```\n645742\n800640\n263872\n181622\n969140\n923139\n616826\n31951\n430783\n318706\n637231\n99855\n588631\n271873\n119735\n252596\n899483\n238353\n```\n and this malformed patch ```\n--- file_452100.txt\n+++ file_452100.txt\n@@ X,X X,X @@\n 923139\n 616826\n 31951\n-430783\n 318706\n 637231\n 99855\n@@ X,X X,X @@\n 119735\n 252596\n 899483\n-238353\n``` output just the corrected patch, nothing else."}], "sampled": "Corrected Patch:\n```diff\n--- file_452100.txt\n+++ file_452100.txt\n@@ -1 +1 @@\n-645742\n@@ -2 +2 @@\n 800640\n@@ -3 +3 @@\n 263872\n@@ -4 +4 @@\n 181622\n@@ -5 +5 @@\n 969140\n@@ -6 +6 @@\n 923139\n@@ -7 +7 @@\n 616826\n@@ -8 +8 @@\n 31951\n@@ -9 +9 @@\n 430783\n@@ -10 +10 @@\n 318706\n@@ -11 +11 @@\n 637231\n@@ -12 +12 @@\n 99855\n@@ -13 +13 @@\n 588631\n@@ -14 +14 @@\n 271873\n@@ -15 +15 @@\n 119735\n@@ -16 +16 @@\n 252596\n@@ -17 +17 @@\n 899483\n@@ -18 +18 @@\n 238353\n```"}, "created_by": "", "created_at": "2023-05-16 23:20:29.454604+00:00"}
{"run_id": "230516231723KPUI2UH5", "event_id": 17, "sample_id": "unified-patch.dev.5", "type": "metrics", "data": {"accuracy": 0.0}, "created_by": "", "created_at": "2023-05-16 23:20:29.454640+00:00"}
{"run_id": "230516231723KPUI2UH5", "event_id": 18, "sample_id": "unified-patch.dev.10", "type": "match", "data": {"correct": false, "expected": "--- file_93577.txt\n+++ file_93577.txt\n@@ -1,7 +1,5 @@\n-974099\n 959123\n 731236\n-204339\n 45545\n 972113\n 320460\n", "picked": [], "prompt": [{"role": "system", "content": "Task: Output the correct patch from the given input and malformed patch with incorrect line numbers in Unified Diff format."}, {"role": "user", "content": "Given this input file ```\n974099\n959123\n731236\n204339\n45545\n972113\n320460\n789838\n989648\n841161\n112687\n211058\n930717\n652214\n```\n and this malformed patch ```\n--- file_93577.txt\n+++ file_93577.txt\n@@ X,X X,X @@\n-974099\n 959123\n 731236\n-204339\n 45545\n 972113\n 320460\n``` output just the corrected patch, nothing else."}], "sampled": "To fix the provided malformed patch, we need to add a comma between each pair of lines and ensure that every line has a corresponding counterpart in both the \"+\" (addition) and \"-\" (deletion). Here's the corrected version:\n\n**Corrected Patch:**\n```diff\n--- file_93577.txt\n+++ file_93577.txt\n@@ -1 +1 @@\n-974099,959123\n 731236,-204339\n 45545,972113\n 320460,-989648\n@@ -3 +3 @@\n 972113,320460\n 989648,-930717\n@@ -5 +5 @@\n  930717,652214\n@@ -6 +6 @@\n-989648,930717\n 652214,841161\n@@ -8 +8 @@\n 930717,-112687\n 841161,211058\n@@ -9 +9 @@\n-930717,112687\n 211058,930717\n@@ -10 +10 @@\n   112687,-989648\n@@ -11 +11 @@\n    930717,-972113\n@@ -12 +12 @@\n     972113,-"}, "created_by": "", "created_at": "2023-05-16 23:20:51.984804+00:00"}
{"run_id": "230516231723KPUI2UH5", "event_id": 19, "sample_id": "unified-patch.dev.10", "type": "metrics", "data": {"accuracy": 0.0}, "created_by": "", "created_at": "2023-05-16 23:20:51.984840+00:00"}
{"run_id": "230516231723KPUI2UH5", "event_id": 20, "sample_id": "unified-patch.dev.15", "type": "match", "data": {"correct": false, "expected": "--- file_393765.txt\n+++ file_393765.txt\n@@ -1,4 +1,3 @@\n-340300\n 147203\n 265723\n 140012\n@@ -11,7 +10,6 @@\n 587162\n 445935\n 261752\n-838212\n 201675\n 674158\n 304459\n", "picked": [], "prompt": [{"role": "system", "content": "Task: Output the correct patch from the given input and malformed patch with incorrect line numbers in Unified Diff format."}, {"role": "user", "content": "Given this input file ```\n340300\n147203\n265723\n140012\n846554\n302220\n249266\n25851\n715991\n601648\n587162\n445935\n261752\n838212\n201675\n674158\n304459\n123192\n```\n and this malformed patch ```\n--- file_393765.txt\n+++ file_393765.txt\n@@ X,X X,X @@\n-340300\n 147203\n 265723\n 140012\n@@ X,X X,X @@\n 587162\n 445935\n 261752\n-838212\n 201675\n 674158\n 304459\n``` output just the corrected patch, nothing else."}], "sampled": "Here is a corrected version of the patch:\n\n```diff\n--- file_393765.txt\n+++ file_393765.txt\n@@ -3 +3 @@\n 340300\n 147203\n@@ -4 +4 @@\n 265723\n 140012\n@@ -5 +5 @@\n 846554\n@@ -6 +6 @@\n 302220\n@@ -7 +7 @@\n 249266\n@@ -8 +8 @@\n 25851\n@@ -9 +9 @@\n 715991\n@@ -10 +10 @@\n 601648\n@@ -11 +11 @@\n 587162\n@@ -12 +12 @@\n 445935\n@@ -13 +13 @@\n 261752\n@@ -14 +14 @@\n 838212\n@@ -15 +15 @@\n 201675\n@@ -16 +16 @@\n 674158\n@@ -17 +17 @@\n 304459\n@@ -18 +18 @@\n 123192\n@@ -19 +19 @@\n-838212\n@@ -20 +20 @@\n 201675\n@@ -21 +21 @@\n 674158\n@@ -22 +22 @@\n 304459"}, "created_by": "", "created_at": "2023-05-16 23:21:14.633508+00:00"}
{"run_id": "230516231723KPUI2UH5", "event_id": 21, "sample_id": "unified-patch.dev.15", "type": "metrics", "data": {"accuracy": 0.0}, "created_by": "", "created_at": "2023-05-16 23:21:14.633545+00:00"}
{"run_id": "230516231723KPUI2UH5", "event_id": 22, "sample_id": "unified-patch.dev.6", "type": "match", "data": {"correct": false, "expected": "--- file_645780.txt\n+++ file_645780.txt\n@@ -1,7 +1,5 @@\n 947470\n 34554\n-439228\n-979683\n 472074\n 391601\n 975309\n", "picked": [], "prompt": [{"role": "system", "content": "Task: Output the correct patch from the given input and malformed patch with incorrect line numbers in Unified Diff format."}, {"role": "user", "content": "Given this input file ```\n947470\n34554\n439228\n979683\n472074\n391601\n975309\n623742\n354450\n945620\n```\n and this malformed patch ```\n--- file_645780.txt\n+++ file_645780.txt\n@@ X,X X,X @@\n 947470\n 34554\n-439228\n-979683\n 472074\n 391601\n 975309\n``` output just the corrected patch, nothing else."}], "sampled": "The correct patch is as follows:\n```diff\n--- file_645780.txt\t(file_645780.txt)\n+++ file_645780.txt\t(corrected file_645780.txt)\n@@ -1 +1 @@\n  947470\n  34554\n   439228\n  979683\n  472074\n  391601\n  975309\n-  945620\n@@ -2 +2 @@\n-947470\n-34554\n-439228\n-979683\n-472074\n-391601\n-975309\n-  945620\n@@ -3 +3 @@\n  947470\n  34554\n   439228\n  979683\n  472074\n  391601\n  975309\n  945620\n@@ -4 +4 @@\n-947470\n-34554\n-439228\n-979683\n-472074\n-391601\n-975309\n-  945620\n@@ -5 +5 @@\n  947470\n  34554\n   439228\n  979683\n  472074\n  3"}, "created_by": "", "created_at": "2023-05-16 23:21:37.153525+00:00"}
{"run_id": "230516231723KPUI2UH5", "event_id": 23, "sample_id": "unified-patch.dev.6", "type": "metrics", "data": {"accuracy": 0.0}, "created_by": "", "created_at": "2023-05-16 23:21:37.153564+00:00"}
{"run_id": "230516231723KPUI2UH5", "event_id": 24, "sample_id": "unified-patch.dev.0", "type": "match", "data": {"correct": false, "expected": "--- file_58566.txt\n+++ file_58566.txt\n@@ -1,10 +1,8 @@\n 701455\n 753947\n 952545\n-694658\n 724002\n 158388\n-379555\n 997602\n 833233\n 689750\n", "picked": [], "prompt": [{"role": "system", "content": "Task: Output the correct patch from the given input and malformed patch with incorrect line numbers in Unified Diff format."}, {"role": "user", "content": "Given this input file ```\n701455\n753947\n952545\n694658\n724002\n158388\n379555\n997602\n833233\n689750\n417479\n468027\n69993\n```\n and this malformed patch ```\n--- file_58566.txt\n+++ file_58566.txt\n@@ X,X X,X @@\n 701455\n 753947\n 952545\n-694658\n 724002\n 158388\n-379555\n 997602\n 833233\n 689750\n``` output just the corrected patch, nothing else."}], "sampled": "Here is the corrected patch:\n```\n--- file_58566.txt\n+++ file_58566.txt\n@@ -2 +2 @@\n 701455\n 753947\n 952545\n-694658\n 724002\n 158388\n@@ -4 +4 @@\n-379555\n 997602\n 833233\n 689750\n 417479\n@@ -6 +6 @@\n 468027\n-69993\n@@ -8 +8 @@\n```"}, "created_by": "", "created_at": "2023-05-16 23:21:46.602124+00:00"}
{"run_id": "230516231723KPUI2UH5", "event_id": 25, "sample_id": "unified-patch.dev.0", "type": "metrics", "data": {"accuracy": 0.0}, "created_by": "", "created_at": "2023-05-16 23:21:46.602163+00:00"}
{"run_id": "230516231723KPUI2UH5", "event_id": 26, "sample_id": "unified-patch.dev.16", "type": "match", "data": {"correct": false, "expected": "--- file_869082.txt\n+++ file_869082.txt\n@@ -1,7 +1,5 @@\n-818934\n 58732\n 161129\n-810385\n 442379\n 730976\n 808915\n", "picked": [], "prompt": [{"role": "system", "content": "Task: Output the correct patch from the given input and malformed patch with incorrect line numbers in Unified Diff format."}, {"role": "user", "content": "Given this input file ```\n818934\n58732\n161129\n810385\n442379\n730976\n808915\n351304\n723248\n987206\n113421\n```\n and this malformed patch ```\n--- file_869082.txt\n+++ file_869082.txt\n@@ X,X X,X @@\n-818934\n 58732\n 161129\n-810385\n 442379\n 730976\n 808915\n``` output just the corrected patch, nothing else."}], "sampled": "Sure! Here is the corrected version of the patch file:\n\n--- file_869082.txt\n+++ file_869082.txt\n@@ -1 +1 @@\n818934\n\\ No newline at end of file \\\n+58732\n\\ No newline at end of file \\\n+161129\n\\ No newline at end of file \\\n-810385\n\\ No newline at end of file \\\n+442379\n\\ No newline at end of file \\\n+730976\n\\ No newline at end of file \\\n+808915\n\\ No newline at end of file \\\n+351304\n\\ No newline at end of file \\\n+723248\n\\ No newline at end of file \\\n+987206\n\\ No newline at end of file \\\n+113421\n\\ No newline at end of file \\\nThis should fix the issue of missing newlines and incorrect line numbering in the original patch. Let me know if you have any further questions or requests!"}, "created_by": "", "created_at": "2023-05-16 23:22:01.279575+00:00"}
{"run_id": "230516231723KPUI2UH5", "event_id": 27, "sample_id": "unified-patch.dev.16", "type": "metrics", "data": {"accuracy": 0.0}, "created_by": "", "created_at": "2023-05-16 23:22:01.279613+00:00"}
{"run_id": "230516231723KPUI2UH5", "event_id": 28, "sample_id": "unified-patch.dev.19", "type": "match", "data": {"correct": false, "expected": "--- file_590937.txt\n+++ file_590937.txt\n@@ -1,5 +1,4 @@\n 48651\n-986552\n 167954\n 336634\n 844542\n@@ -7,7 +6,6 @@\n 351921\n 803523\n 918826\n-784206\n 175141\n 44244\n 155426\n", "picked": [], "prompt": [{"role": "system", "content": "Task: Output the correct patch from the given input and malformed patch with incorrect line numbers in Unified Diff format."}, {"role": "user", "content": "Given this input file ```\n48651\n986552\n167954\n336634\n844542\n19912\n351921\n803523\n918826\n784206\n175141\n44244\n155426\n646005\n19720\n989152\n67703\n699953\n```\n and this malformed patch ```\n--- file_590937.txt\n+++ file_590937.txt\n@@ X,X X,X @@\n 48651\n-986552\n 167954\n 336634\n 844542\n@@ X,X X,X @@\n 351921\n 803523\n 918826\n-784206\n 175141\n 44244\n 155426\n``` output just the corrected patch, nothing else."}], "sampled": "Here is a possible solution to your task:\n```\nimport difflib\n\n# Read in the two files provided as strings\ninput = \"\"\"\\\n48651\n986552\n167954\n336634\n844542\n19912\n351921\n803523\n918826\n784206\n175141\n44244\n155426\n646005\n19720\n989152\n67703\n699953\n\"\"\"\nmalformed = \"\"\"\\\n--- file_590937.txt\n+++ file_590937.txt\n@@ X,X X,X @@\n 48651\n-986552\n 167954\n 336634\n 844542\n@@ X,X X,X @@\n 351921\n 803523\n 918826\n-784206\n 175141\n 44244\n 155426\n\"\"\"\n\n# Use `difflib` to generate the unified diff between the two files\ndifferences = list(difflib.unified_diff(lines=input.split('\\n'), oldfile='', newfile=''))\n\n# Iterate over the differences and remove any that don't have valid line number information\nvalid_differences = []\nfor difference in differences:\n    if ',' not in difference[0]:\n        continue"}, "created_by": "", "created_at": "2023-05-16 23:22:23.940114+00:00"}
{"run_id": "230516231723KPUI2UH5", "event_id": 29, "sample_id": "unified-patch.dev.19", "type": "metrics", "data": {"accuracy": 0.0}, "created_by": "", "created_at": "2023-05-16 23:22:23.940152+00:00"}
{"run_id": "230516231723KPUI2UH5", "event_id": 30, "sample_id": "unified-patch.dev.18", "type": "match", "data": {"correct": false, "expected": "--- file_602821.txt\n+++ file_602821.txt\n@@ -1,6 +1,4 @@\n-674224\n 664557\n-82213\n 365211\n 329438\n 900948\n", "picked": [], "prompt": [{"role": "system", "content": "Task: Output the correct patch from the given input and malformed patch with incorrect line numbers in Unified Diff format."}, {"role": "user", "content": "Given this input file ```\n674224\n664557\n82213\n365211\n329438\n900948\n917680\n400592\n899808\n178844\n812146\n840809\n```\n and this malformed patch ```\n--- file_602821.txt\n+++ file_602821.txt\n@@ X,X X,X @@\n-674224\n 664557\n-82213\n 365211\n 329438\n 900948\n``` output just the corrected patch, nothing else."}], "sampled": "Here's the corrected patch:\n```diff\n--- file_602821.txt\n+++ file_602821.txt\n@@ -674224 +674224 @@\n-664557\n  82213\n+365211\n+329438\n+900948\n@@ -917680 +917680 @@\n+900948\n@@ -899808 +899808 @@\n+899808\n@@ -812146 +812146 @@\n+812146\n@@ -899808 +899808 @@\n+899808\n@@ -840809 +840809 @@\n+840809\n@@ -178844 +178844 @@\n+178844\n@@ -812146 +812146 @@\n+812146\n@@ -840809 +840809 @@\n+840809\n@@ -899808 +899808 @@\n+899808\n@@ -178844 +178844 @@\n+178844\n@@ -812146 +812146 @@\n+812146\n@@ -840809 +840809 @@\n+84"}, "created_by": "", "created_at": "2023-05-16 23:22:46.323592+00:00"}
{"run_id": "230516231723KPUI2UH5", "event_id": 31, "sample_id": "unified-patch.dev.18", "type": "metrics", "data": {"accuracy": 0.0}, "created_by": "", "created_at": "2023-05-16 23:22:46.323630+00:00"}
{"run_id": "230516231723KPUI2UH5", "event_id": 32, "sample_id": "unified-patch.dev.13", "type": "match", "data": {"correct": false, "expected": "--- file_698971.txt\n+++ file_698971.txt\n@@ -3,12 +3,10 @@\n 127590\n 308894\n 567342\n-276153\n 707950\n 539890\n 201021\n 243222\n-575622\n 743109\n 671214\n 833078\n", "picked": [], "prompt": [{"role": "system", "content": "Task: Output the correct patch from the given input and malformed patch with incorrect line numbers in Unified Diff format."}, {"role": "user", "content": "Given this input file ```\n36465\n346609\n127590\n308894\n567342\n276153\n707950\n539890\n201021\n243222\n575622\n743109\n671214\n833078\n```\n and this malformed patch ```\n--- file_698971.txt\n+++ file_698971.txt\n@@ X,X X,X @@\n 127590\n 308894\n 567342\n-276153\n 707950\n 539890\n 201021\n 243222\n-575622\n 743109\n 671214\n 833078\n``` output just the corrected patch, nothing else."}], "sampled": "Here's the corrected patch for the input file:\n\n--- file_698971.txt\n+++ file_698971.txt\n@@ -1 +1\n-36465\n+36465\n@@ -2 +2\n-346609\n+346609\n@@ -3 +3\n-127590\n+127590\n@@ -4 +4\n-308894\n+308894\n@@ -5 +5\n-567342\n+567342\n@@ -6 +6\n-276153\n+276153\n@@ -7 +7\n-707950\n+707950\n@@ -8 +8\n-539890\n+539890\n@@ -9 +9\n-201021\n+201021\n@@ -10 +10\n-243222\n+243222\n@@ -11 +11\n-575622\n+575622\n@@ -12 +12\n-743109\n+743109\n@@ -13 +13\n-671214\n+671214\n@@ -14 +14\n-833078\n+833078"}, "created_by": "", "created_at": "2023-05-16 23:23:06.290303+00:00"}
{"run_id": "230516231723KPUI2UH5", "event_id": 33, "sample_id": "unified-patch.dev.13", "type": "metrics", "data": {"accuracy": 0.0}, "created_by": "", "created_at": "2023-05-16 23:23:06.290340+00:00"}
{"run_id": "230516231723KPUI2UH5", "event_id": 34, "sample_id": "unified-patch.dev.2", "type": "match", "data": {"correct": false, "expected": "--- file_891507.txt\n+++ file_891507.txt\n@@ -1,7 +1,5 @@\n 550481\n-5805\n 420810\n-891010\n 385616\n 444523\n 886228\n", "picked": [], "prompt": [{"role": "system", "content": "Task: Output the correct patch from the given input and malformed patch with incorrect line numbers in Unified Diff format."}, {"role": "user", "content": "Given this input file ```\n550481\n5805\n420810\n891010\n385616\n444523\n886228\n451405\n979223\n105265\n770968\n830129\n```\n and this malformed patch ```\n--- file_891507.txt\n+++ file_891507.txt\n@@ X,X X,X @@\n 550481\n-5805\n 420810\n-891010\n 385616\n 444523\n 886228\n``` output just the corrected patch, nothing else."}], "sampled": "The correct patch would be:\n\n--- file_891507.txt\n+++ file_891507.txt\n@@ -5 +5 @@\n 550481\n-5805\n 420810\n 891010\n 385616\n 444523\n@@ -8,4 +8,4 @@\n 451405\n 979223\n@@ 105265\n@@ 770968\n@@ 830129\n@@ -20 +20 @@\n 886228\n\nThe first two lines are the same as they represent the header of a unified diff. Then there is the starting position (-) followed by the ending position (+). The next four lines show the changes that were made to the original list. Finally, we have three more lines which indicate additional context (the previous and next 2 lines), which can help identify if any other lines should also be added or removed. These last three lines use a similar syntax where you start with a negative number for deletion and then follow it up with a positive number for addition. In all these cases, both values correspond to the relative order within their respective lists."}, "created_by": "", "created_at": "2023-05-16 23:23:22.567323+00:00"}
{"run_id": "230516231723KPUI2UH5", "event_id": 35, "sample_id": "unified-patch.dev.2", "type": "metrics", "data": {"accuracy": 0.0}, "created_by": "", "created_at": "2023-05-16 23:23:22.567361+00:00"}
{"run_id": "230516231723KPUI2UH5", "event_id": 36, "sample_id": "unified-patch.dev.8", "type": "match", "data": {"correct": false, "expected": "--- file_281473.txt\n+++ file_281473.txt\n@@ -2,11 +2,9 @@\n 848747\n 660839\n 843596\n-937166\n 337299\n 427111\n 549950\n-660553\n 769800\n 127393\n 15298\n", "picked": [], "prompt": [{"role": "system", "content": "Task: Output the correct patch from the given input and malformed patch with incorrect line numbers in Unified Diff format."}, {"role": "user", "content": "Given this input file ```\n449500\n848747\n660839\n843596\n937166\n337299\n427111\n549950\n660553\n769800\n127393\n15298\n11394\n162006\n664833\n710255\n```\n and this malformed patch ```\n--- file_281473.txt\n+++ file_281473.txt\n@@ X,X X,X @@\n 848747\n 660839\n 843596\n-937166\n 337299\n 427111\n 549950\n-660553\n 769800\n 127393\n 15298\n``` output just the corrected patch, nothing else."}], "sampled": "Here is a possible corrected patch for the given input file and original patch:\n```\n--- file_281473.txt\n+++ file_281473.txt\n@@ -1 +1 @@\n449500\n@@ -7 +7 @@\n848747\n@@ -5 +5 @@\n660839\n@@ -9 +9 @@\n843596\n@@ -3 +3 @@\n937166\n@@ -4 +4 @@\n337299\n@@ -7 +7 @@\n427111\n@@ -7 +7 @@\n549950\n@@ -8 +8 @@\n660553\n@@ -8 +8 @@\n769800\n@@ -8 +8 @@\n127393\n@@ -10 +10 @@\n15298\n@@ -8 +8 @@\n11394\n@@ -11 +11 @@\n162006\n@@ -8 +8 @@\n664833\n@@ -13 +13 @@\n710255\n```\nThis corrected patch uses the `-` and `+` characters to indicate deletions and insertions relative to the original file, respectively. The `@@` characters are used to mark the starting positions of each change block. The numbers after the `@@` characters represent the number of lines that were deleted or inserted before the corresponding change block. In this case, the patch includes all the input values, but they appear in a different order due to the way the changes were specified in the original patch."}, "created_by": "", "created_at": "2023-05-16 23:23:44.706498+00:00"}
{"run_id": "230516231723KPUI2UH5", "event_id": 37, "sample_id": "unified-patch.dev.8", "type": "metrics", "data": {"accuracy": 0.0}, "created_by": "", "created_at": "2023-05-16 23:23:44.706534+00:00"}
{"run_id": "230516231723KPUI2UH5", "event_id": 38, "sample_id": "unified-patch.dev.1", "type": "match", "data": {"correct": false, "expected": "--- file_697676.txt\n+++ file_697676.txt\n@@ -2,11 +2,9 @@\n 958115\n 942829\n 971026\n-123400\n 706739\n 231446\n 112618\n 75014\n-250593\n 862412\n 657169\n", "picked": [], "prompt": [{"role": "system", "content": "Task: Output the correct patch from the given input and malformed patch with incorrect line numbers in Unified Diff format."}, {"role": "user", "content": "Given this input file ```\n137132\n958115\n942829\n971026\n123400\n706739\n231446\n112618\n75014\n250593\n862412\n657169\n```\n and this malformed patch ```\n--- file_697676.txt\n+++ file_697676.txt\n@@ X,X X,X @@\n 958115\n 942829\n 971026\n-123400\n 706739\n 231446\n 112618\n 75014\n-250593\n 862412\n 657169\n``` output just the corrected patch, nothing else."}], "sampled": "Here is a possible solution to your task using Python:\n```python\n# read the input file as a string\nwith open(\"input.txt\", \"r\") as f:\n    content = f.read()\n\n# split it into lines\nlines = [line.strip() for line in content.split(\"\\n\")]\n\n# create an empty list to store the correct line numbers\ncorrect_nums = []\n\n# iterate over each line number and check if it exists in the input file\nfor num in range(len(lines)):\n    if lines[num]:\n        correct_nums.append(int(lines[num]))\n\n# print out the correct patch\nprint(\"--- file_697676.txt\\n+++ file_697676.txt\\n@@ X,X X,X @@\\n\" + \"\\n\".join([\"+\" + str(i) for i in correct_nums]))\n\n# print out the malformed patch (you can remove this part of you don't need it)\nprint(\"--- file_697676.txt\\n+++ file_697676.txt\\n@@ X,X X,X @@\\n\") + \"\\n\".join([\"-\" + str(i) for i in range(len(lines))])\n```\nThis script reads the input file as a string, splits it into individual lines, and then iterates over each line number to check if it corresponds to a valid line in the input file. If a line number is valid, its value is appended to a list called `correct_nums`. Finally, the script prints out the correct patch by combining the diff header with the contents of the `correct_nums` list. The malformed patch is also printed as a separate block"}, "created_by": "", "created_at": "2023-05-16 23:24:07.250976+00:00"}
{"run_id": "230516231723KPUI2UH5", "event_id": 39, "sample_id": "unified-patch.dev.1", "type": "metrics", "data": {"accuracy": 0.0}, "created_by": "", "created_at": "2023-05-16 23:24:07.251013+00:00"}
